@misc{diercke:map,
  title        = {Sachsen Physisch},
  author       = {{Diercke}},
  howpublished = {\url{https://media.diercke.net/omeda/88814__Sachsen_physisch.pdf}},
  note         = {Zuletzt abgerufen am 2024-04-18},
}

@misc{renaud:feedback,
  author       = {Karen Renaud},
  title        = {Feedback in Human-Computer Interaction: Characteristics and Recommendations},
  year         = {2000},
  howpublished = {\url{https://www.researchgate.net/profile/Karen-Renaud/publication/220102904_Feedback_in_human-computer_interaction_-_characteristics_and_recommendations/links/0c960533bef7033d7d000000/Feedback-in-human-computer-interaction-characteristics-and-recommendations.pdf}},
  note         = {Zuletzt abgerufen am 2024-04-18}
}
